<record><leader>00000cas a22000007a 4500</leader><controlfield tag="001">12253197</controlfield><controlfield tag="008">850711d1889192ualuwr ne      0    0eng d</controlfield><datafield ind1=" " ind2=" " tag="010"><subfield code="a">sn 85044829 </subfield></datafield><datafield ind1=" " ind2=" " tag="040"><subfield code="a">ALM</subfield><subfield code="b">eng</subfield><subfield code="c">ALM</subfield><subfield code="d">CPN</subfield><subfield code="d">OCLCQ</subfield></datafield><datafield ind1=" " ind2=" " tag="042"><subfield code="a">msc</subfield></datafield><datafield ind1="0" ind2="0" tag="245"><subfield code="a">West Alabama breeze.</subfield></datafield><datafield ind1="1" ind2="3" tag="246"><subfield code="a">Breeze</subfield></datafield><datafield ind1=" " ind2=" " tag="260"><subfield code="a">Northport, Ala. :</subfield><subfield code="b">Lawrence &amp; Cox,</subfield><subfield code="c">1889-</subfield></datafield><datafield ind1=" " ind2=" " tag="300"><subfield code="a">v. :</subfield><subfield code="b">ill. ;</subfield><subfield code="c">61 cm.</subfield></datafield><datafield ind1=" " ind2=" " tag="310"><subfield code="a">Weekly</subfield></datafield><datafield ind1="0" ind2=" " tag="362"><subfield code="a">Vol. 1, no. 1 (Apr. 4, 1889)-</subfield></datafield><datafield ind1=" " ind2=" " tag="500"><subfield code="a">Editors: &lt;1889-1894&gt; John C. Lawrence; &lt;1894-1895&gt; W.F. Sandford; &lt;1895-1897&gt; J.C. Brown; &lt;1898&gt; J.G. Smith; &lt;1898-1899&gt; Weatherford &amp; Cox; &lt;1899-1917&gt; John T. Bealle; &lt;1917-1919&gt; Edward Doty; &lt;1919&gt; Garrard Harris; &lt;1919-&gt; Edward Doty.</subfield></datafield><datafield ind1=" " ind2=" " tag="752"><subfield code="a">United States</subfield><subfield code="b">Alabama</subfield><subfield code="c">Tuscaloosa</subfield><subfield code="d">Northport.</subfield></datafield><datafield ind1="1" ind2=" " tag="029"><subfield code="a">AU@</subfield><subfield code="b">000025830630</subfield></datafield></record>